@inproceedings{forwardingMeta,
  title={Forwarding metamorphosis: Fast programmable match-action processing in hardware for SDN},
  author={Bosshart, Pat and 
Gibb, Glen and 
Kim, Hun Seok and 
Varghese, George and 
McKeown, Nick and 
Izzard, Martin and 
Mujica, Fernando and 
Horowitz, Mark},
  booktitle={SIGCOMM 2013 - Proceedings of the ACM SIGCOMM 2013 Conference on Applications, Technologies, Architectures, and Protocols for Computer Communication},
  pages={99-110},
  year={2013}
}

@inproceedings{googleOpenflow,
  title={B4: Experience with a globally-deployed software defined WAN},
  author={Jain, Sushant and
Kumar, Alok and
Mandal, Subhasree and
Ong, Joon and
Poutievski, Leon and
Singh, Arjun and
Venkata, Subbaiah and
Wanderer, Jim and
Zhou, Junlan and
Zhu, Min and
Zolla, Jon and
HÃ¶lzle, Urs and
Stuart, Stephen and
Vahdat, Amin},
  booktitle={SIGCOMM 2013 - Proceedings of the ACM SIGCOMM 2013 Conference on Applications, Technologies, Architectures, and Protocols for Computer Communication},
  year={2013}
}

@article{dptp,
  title={Precise Time-synchronization in the Data-Plane using Programmable Switching ASICs},
  author={Kannan, Pravein Govindan and
Joshi, Raj and
Chan, Mun Choon},
  year={2019}
}

@article{datacenter,
  title={A large scale study of data center network reliability},
  author={Meza, Justin and
Veeraraghavan, Kaushik and
Xu, Tianyin and
Mutlu, Onur},
  year={2018}
}

@article{p4,
  title={P4: Programming protocol-independent packet processors},
  author={Bosshart, Pat and
Daly, Dan and 
Gibb, Glen and
Izzard, Martin and
McKeown, Nick and
Rexford, Jennifer and
Schlesinger, Cole and
Talayco, Dan and
Vahdat, Amin and
Varghese, George and
Walker, David},
  year={2014}
}

@inproceedings{HH,
   author={Sivaraman, Vibhaalakshmi and
Narayana, Srinivas and
Rottenstreich, Ori and
Muthukrishnan, S. and
Rexford, Jennifer},
   year={2017},
   title={Heavy-hitter detection entirely in the data plane},
   booktitle={SOSR 2017 - Proceedings of the 2017 Symposium on SDN Researchs},
   pages={164-176},
}


@article{activenet,
  title={The switchware active network architecture},
  author={D. S. Alexander and W. A. Arbaugh and M. W. Hicks and P. Kakkar and A. D. Keromytis and J. T. Moore and C. A. Gunter and S. M. Nettles and J. M. Smith},
  year={1998}
}

@article{microburst,
  title={Micro-burst in Data Centers: Observations, Implications, and Applications},
  author={Shan, Danfeng and
Ren, Fengyuan and
Cheng, Peng and
Shu, Ran},
  year={2016}
}

@article{openflow,
  title={OpenFlow: enabling innovation in campus networks},
  author={McKeown, Nick and
Anderson, Tom and
Balakrishnan, Hari and
Parulkar, Guru and
Peterson, Larry and
Rexford, Jennifer and
Shenker, Scott and
Turner, Jonathan},
  journal={ACM SIGCOMM Computer Communication Review},
  year={2008}
}

@online{grafana,
	title = {Grafana, The Open Visualization Platform},
	url = {https://grafana.com
},
}